% bibliography.bib
% ISBN = "0262011530", 
% url = "https://mitpress.mit.edu/sicp/full-text/book/book.html"

  @book{sicp,
    author = "Harold Abelson and Gerald J. Sussman",
    title = "Structure and Interpretation of Computer Programs, 2nd Edition",
    publisher = "MIT Press", 
    year = "1996",
    address = "Cambridge, MA, USA"
  }
  

  @misc{WikiY,
    author = "Wikipedia",
    title = "Fixed-point combinator --- {W}ikipedia{,} The Free Encyclopedia",
    year = "2011",
    url = "http://en.wikipedia.org/Fixed-point_combinator",
    note = "[Online; accessed 11-July-2016]"
  }

  @misc{Bender1,
    author = "Jim Bender",
    title = "Read Scheme",
    year = "2009",
    url = "http://readscheme.org",
    note = "[Online; accessed 11-July-2016]"
  }
 
  @misc{Bender2,
    author = "Jim Bender",
    title = "Read Scheme",
    year = "2009",
    url = "http://repository.readscheme.org/ftp",
    note = "[Online; accessed 11-July-2016]"
  }
 
  @misc{Iverson,
    author = "Kenneth E. Iverson",
    title = "Notation as a Tool of Thought",
    year = "2006",
    url = "http://www.eecg.toronto.edu/~jzhu/csc326/readings/iverson.pdf",
    note = "[Online; accessed 11-July-2016]"
  }
 
  @misc{Michaux1,
    author = "Michaux, Peter",
    title = "peter.michaux.ca",
    year = "2006",
    url = "http://peter.michaux.ca",
    note = "[Online; accessed 11-July-2016]"
  }
 
  @misc{Michaux2,
    author = "Michaux, Peter",
    title = "bootstrap-scheme",
    year = "2010",
    url = "https://github.com/petermichaux/bootstrap-scheme",
    note = "[Online; accessed 11-July-2016]"
  }
